@book{modraknizka,
  keywords = {Asociativní okruhy a algebry -- 16},
  language = {eng},
  publisher = {Cambridge University Press},
  series = {London Mathematical Society student texts ; 65},
  title = {Elements of the representation theory of associative algebras. Volume
           1, Techniques of representation theory },
  year = {2006},
  author = {Assem, Ibrahim and Simson, Daniel and Skowroński, Andrzej},
  address = {Cambridge},
  booktitle = {Elements of the representation theory of associative algebras.
               Volume 1, Techniques of representation theory},
  isbn = {0-521-58631-3},
}
@article{iyama,
  Author = {Osamu Iyama},
  Title = {Cluster tilting for higher Auslander algebras},
  Year = {2008},
  Eprint = {arXiv:0809.4897},
  Howpublished = {Adv. Math. 226 (2011), no. 1, 1--61},
}
@article{ot,
  Author = {Steffen Oppermann and Hugh Thomas},
  Title = {Higher dimensional cluster combinatorics and representation theory},
  Year = {2010},
  Eprint = {arXiv:1001.5437},
}
