@Article{iya,
  author = {Osamu Iyama},
  title  = {Cluster tilting for higher {A}uslander algebras},
  year   = {2010},
  url    = {https://arxiv.org/abs/0809.4897v3},
}

@Article{fst,
  author  = {Sergey Fomin and Michael Shapiro and Dylan Thurston},
  journal = {Acta Mathematica, 201:83-146},
  title   = {Cluster algebras and triangulated surfaces. {P}art {I}: {C}luster complexes},
  year    = {2008},
  url     = {https://arxiv.org/abs/math/0608367v3},
}

@Article{ot,
  author = {Steffen Oppermann and Hugh Thomas},
  title  = {Higher dimensional cluster combinatorics and representation theory},
  year   = {2011},
  url    = {https://arxiv.org/abs/1001.5437v4},
}

@Article{mrz,
  author = {Bethany Marsh and Markus Reineke and Andrei Zelevinsky},
  title  = {Generalized associahedra via quiver representations},
  year   = {2003},
  url    = {https://arxiv.org/abs/math/0205152v2},
}

@Article{fz1,
  author = {Sergey Fomin and Andrei Zelevinsky},
  title  = {{C}luster algebras {I}: {F}oundations},
  year   = {2001},
  url    = {https://arxiv.org/abs/math/0104151v1},
}

@Article{fzb,
  author = {Arkady Berenstein and Sergey Fomin and Andrei Zelevinsky},
  title  = {{C}luster algebras {III}: {U}pper bounds and double {B}ruhat cells},
  year   = {2003},
  url    = {https://arxiv.org/abs/math/0305434v3},
}

@Article{fzc,
  author = {Frederic Chapoton and Sergey Fomin and Andrei Zelevinsky},
  title  = {{P}olytopal realizations of generalized associahedra},
  year   = {2002},
  url    = {https://arxiv.org/abs/math/0202004v1},
}

@Article{fz2,
  author = {Sergey Fomin and Andrei Zelevinsky},
  title  = {{T}he {L}aurent phenomenon},
  year   = {2001},
  url    = {https://arxiv.org/abs/math/0104241v1},
}

@Article{fz3,
  author = {Sergey Fomin and Andrei Zelevinsky},
  title  = {{Y}-systems and generalized associahedra},
  year   = {2001},
  url    = {https://arxiv.org/abs/hep-th/0111053v1},
}

@Article{gsv,
  author = {M. Gekhtman and M. Shapiro and A. Vainshtein},
  title  = {{C}luster algebras and {P}oisson geometry},
  year   = {2003},
  url    = {https://arxiv.org/abs/math/0208033v2},
}

@Article{s,
  author = {Joshua S. Scott},
  title  = {{G}rassmannians and {C}luster {A}lgebras},
  year   = {2003},
  url    = {https://arxiv.org/abs/math/0311148v1},
}

@Article{fz4,
  author = {Sergey Fomin and Andrei Zelevinsky},
  title  = {{C}luster algebras {II}: {F}inite type classification},
  year   = {2003},
  url    = {https://arxiv.org/abs/math/0208229v2},
}

@Article{bmrrt,
  author = {Aslak Bakke Buan and Bethany Marsh and Markus Reineke and Idun Reiten and Gordana Todorov},
  title  = {{T}ilting theory and cluster combinatorics},
  year   = {2004},
  url    = {https://arxiv.org/abs/math/0402054v1},
}

@Article{k,
  author = {Bernhard Keller},
  title  = {{O}n triangulated orbit categories},
  year   = {2005},
  url    = {https://arxiv.org/abs/math/0503240v4},
}

@Article{io,
  author = {Osamu Iyama and Steffen Oppermann},
  title  = {n-representation-finite algebras and n-{APR} tilting},
  year   = {2010},
  url    = {https://arxiv.org/abs/0909.0593v2},
}

@Article{as,
  author  = {M. Auslander and Sverre O. Smalø},
  journal = {Journal of Algebra},
  title   = {Almost split sequences in subcategories},
  year    = {1981},
  issn    = {0021-8693},
  number  = {2},
  pages   = {426-454},
  volume  = {69},
  url     = {https://www.sciencedirect.com/science/article/pii/0021869381902143},
}

@Article{gko,
  author    = {Christof Geiss and Bernhard Keller and Steffen Oppermann},
  journal   = {Journal für die reine und angewandte Mathematik (Crelles Journal)},
  title     = {n-angulated categories},
  year      = {2013},
  month     = {jan},
  number    = {675},
  volume    = {2013},
  publisher = {Walter de Gruyter {GmbH}},
  url       = {https://doi.org/10.1515%2Fcrelle.2011.177},
}

@Article{hio,
  author   = {Martin Herschend and Osamu Iyama and Steffen Oppermann},
  journal  = {Advances in Mathematics},
  title    = {n-representation infinite algebras},
  year     = {2014},
  issn     = {0001-8708},
  pages    = {292-342},
  volume   = {252},
  abstract = {From the viewpoint of higher dimensional Auslander–Reiten theory, we introduce a new class of finite dimensional algebras of global dimension n, which we call n-representation infinite. They are a certain analog of representation infinite hereditary algebras, and we study three important classes of modules: n-preprojective, n-preinjective and n-regular modules. We observe that their homological behaviour is quite interesting. For instance they provide first examples of algebras having infinite Ext1-orthogonal families of modules. Moreover we give general constructions of n-representation infinite algebras. Applying Minamotoʼs theory on Fano algebras in non-commutative algebraic geometry, we describe the category of n-regular modules in terms of the corresponding preprojective algebra. Then we introduce n-representation tame algebras, and show that the category of n-regular modules decomposes into the categories of finite dimensional modules over localizations of the preprojective algebra. This generalizes the classical description of regular modules over tame hereditary algebras. As an application, we show that the representation dimension of an n-representation tame algebra is at least n+2.},
  keywords = {Auslander–Reiten theory, Preprojective algebra, Fano algebra, -representation finite algebra, Representation dimension},
  url      = {https://www.sciencedirect.com/science/article/pii/S0001870813003642},
}

@Misc{gll,
  author        = {Jin Yun Guo and Xiaojian Lu and Deren Luo},
  title         = {$\mathbb{Z}Q$ type constructions in higher representation theory},
  year          = {2022},
  archiveprefix = {arXiv},
  eprint        = {1908.06546},
  primaryclass  = {math.RT},
  url           = {https://arxiv.org/abs/1908.06546v3},
}

﻿Scopus
EXPORT DATE: 23 October 2023

@Article{djy,
  author            = {Dyckerhoff, Tobias and Jasso, Gustavo and Lekili, Yankι},
  journal           = {Forum of Mathematics, Sigma},
  title             = {The symplectic geometry of higher Auslander algebras: Symmetric products of disks},
  year              = {2021},
  note              = {Cited by: 8; All Open Access, Gold Open Access, Green Open Access},
  volume            = {9},
  publication_stage = {Final},
  source            = {Scopus},
  type              = {Article},
  url               = {https://www.scopus.com/inward/record.uri?eid=2-s2.0-85102142135&doi=10.1017%2ffms.2021.2&partnerID=40&md5=843f2df0508cc166084e4d9f78c5e5a8},
}

﻿Scopus
EXPORT DATE: 23 October 2023

@Article{djw,
  author            = {Dyckerhoff, Tobias and Jasso, Gustavo and Walde, Tashi},
  journal           = {Advances in Mathematics},
  title             = {Simplicial structures in higher Auslander–Reiten theory},
  year              = {2019},
  note              = {Cited by: 12; All Open Access, Bronze Open Access, Green Open Access},
  volume            = {355},
  publication_stage = {Final},
  source            = {Scopus},
  type              = {Article},
  url               = {https://www.scopus.com/inward/record.uri?eid=2-s2.0-85070678684&doi=10.1016%2fj.aim.2019.106762&partnerID=40&md5=70875d157ac34398c1f304716cf2121c},
}

@Misc{amiot1,
  author        = {Claire Amiot},
  title         = {Cluster categories for algebras of global dimension 2 and quivers with potential},
  year          = {2009},
  archiveprefix = {arXiv},
  eprint        = {0805.1035},
  primaryclass  = {math.RT},
  url           = {https://arxiv.org/abs/0805.1035v2},
}

@Article{amiot2,
  author = {Claire Amiot},
  title  = {{S}ur les petites catégories triangulées},
  year   = {2008},
  note   = {PhD thesis, Université Denis Diderot - Paris 7},
  owner  = {Université Paris 7},
}

@Article{guo,
  author = {Lingyan Guo},
  title  = {{C}atégories amassées supérieureset frises tropicales},
  year   = {2012},
  note   = {PhD thesis, Université Paris Diderot - Paris 7},
}

@Misc{ginz,
  author        = {Victor Ginzburg},
  title         = {Calabi-Yau algebras},
  year          = {2007},
  archiveprefix = {arXiv},
  eprint        = {math/0612139},
  primaryclass  = {math.AG},
  url           = {https://arxiv.org/abs/math/0612139v3},
}

@Misc{k2,
  author        = {Bernhard Keller},
  title         = {Deformed Calabi-Yau Completions},
  year          = {2009},
  archiveprefix = {arXiv},
  eprint        = {0908.3499},
  primaryclass  = {math.RT},
  url           = {https://arxiv.org/abs/0908.3499v5},
}

@Misc{schif,
  author        = {Ralf Schiffler},
  title         = {A geometric model for cluster categories of type $D_n$},
  year          = {2006},
  archiveprefix = {arXiv},
  eprint        = {math/0608264},
  primaryclass  = {math.RT},
  url           = {https://arxiv.org/abs/math/0608264v3},
}

@Misc{fg,
  author        = {V. V. Fock and A. B. Goncharov},
  title         = {Moduli spaces of local systems and higher Teichmuller theory},
  year          = {2006},
  archiveprefix = {arXiv},
  eprint        = {math/0311149},
  primaryclass  = {math.AG},
  url           = {https://arxiv.org/abs/math/0311149v4},
}

@Misc{ifz,
  author        = {Osamu Iyama and Idun Reiten},
  title         = {Fomin-Zelevinsky mutation and tilting modules over Calabi-Yau algebras},
  year          = {2007},
  archiveprefix = {arXiv},
  eprint        = {math/0605136},
  primaryclass  = {math.RT},
  url           = {https://arxiv.org/abs/math/0605136v3},
}

@Misc{ks,
  author        = {Maxim Kontsevich and Yan Soibelman},
  title         = {Stability structures, motivic Donaldson-Thomas invariants and cluster transformations},
  year          = {2008},
  archiveprefix = {arXiv},
  eprint        = {0811.2435},
  primaryclass  = {math.AG},
  url           = {https://arxiv.org/abs/0811.2435v1},
}

@Misc{gmn,
  author        = {Davide Gaiotto and Gregory W. Moore and Andrew Neitzke},
  title         = {Framed BPS States},
  year          = {2012},
  archiveprefix = {arXiv},
  eprint        = {1006.0146},
  primaryclass  = {hep-th},
  url           = {https://arxiv.org/abs/1006.0146v2},
}

@Comment{jabref-meta: databaseType:bibtex;}
