@Article{iyama,
  author  = {Osamu Iyama},
  journal = {Adv. Math. 226 (2011), no. 1, 1--61},
  title   = {Cluster tilting for higher {A}uslander algebras},
  url     = {https://arxiv.org/abs/0809.4897v3},
}

@Article{fst,
  author  = {Sergey Fomin and Michael Shapiro and Dylan Thurston},
  journal = {Acta Mathematica, 201:83-146, 2008},
  title   = {Cluster algebras and triangulated surfaces. {P}art {I}: {C}luster complexes},
  url     = {https://arxiv.org/abs/math/0608367v3},
}

@Article{ot,
  author  = {Steffen Oppermann and Hugh Thomas},
  journal = {Acta Mathematica, 201:83-146, 2008},
  title   = {Higher dimensional cluster combinatorics and representation theory},
  url     = {https://arxiv.org/abs/math/0608367v3},
}

@Article{bma,
  author = {Bethany Marsh and Markus Reineke and Andrei Zelevinsky},
  title  = {Generalized associahedra via quiver representations},
  url    = {https://doi.org/10.48550/arXiv.math/0205152},
}

@Comment{jabref-meta: databaseType:bibtex;}
